% !TeX root = wireframe.tex

@online{lenelbluediamondwebsite,
	url={https://www.lenel.com/products/bluediamond},
}
