% !TeX root = paper.tex

@misc{test,
    url     ="test.com",
    author  ="test",
    title   ="test",
    month   =dec,
    year    ="1998",
    note    ="Accessed blah"
}

@book{latexcompanion,
    author    = "Michel Goossens and Frank Mittelbach and Alexander Samarin",
    title     = "The \LaTeX\ Companion",
    year      = "1993",
    publisher = "Addison-Wesley",
    address   = "Reading, Massachusetts"
}